@ARTICLE{b1, 
author={ISO/IEEE}, 
journal={IEEE Std 11073-20601-2014/Cor 1-2015 (Corrigendum to IEEE Std 11073-20601-2014)}, 
title={IEEE Health informatics--Personal health device communication Part 20601: Application profile--Optimized Exchange Protocol - Corrigendum 1}, 
year={2015}, 
volume={}, 
number={}, 
pages={1-24}, 
ISSN={}, 
month={Oct},}

@article{b2,
author = {Goldberger, Ary and Amaral, Lu√≠s and Glass, L and Havlin, Shlomo and M. Hausdorg, J and Ivanov, Plamen and G. Mark, R and E. Mietus, J and B. Moody, G and Peng, Chung-Kang and Stanley, H and Physiobank, Physiotoolkit},
year = {2000},
month = {01},
pages = {},
title = {Components of a new research resource for complex physiologic signals},
volume = {101},
journal = {PhysioNet}
}

@ARTICLE{b3, 
author={ISO/IEEE}, 
journal={IEEE Std 11073-00103-2012}, 
title={Health informatics - Personal health device communication Part 00103: Overview},
year={2012}, 
volume={}, 
number={}, 
pages={1-80},
ISSN={}, 
month={Aug},}

@inproceedings{b4,
  title={Contention vs. polling: a study in body area networks MAC design},
  author={Boulis, Athanassios and Tselishchev, Yuri},
  booktitle={Proceedings of the fifth international conference on body area networks},
  pages={98--104},
  year={2010},
  organization={ACM}
}

@ARTICLE{b5, 
author={ISO/IEEE}, 
journal={IEEE Std 802.15.6-2012}, 
title={IEEE Standard for Local and metropolitan area networks - Part 15.6: Wireless Body Area Networks}, 
year={2012}, 
volume={}, 
number={}, 
pages={1-271},
ISSN={}, 
month={Feb},}

@inproceedings{b7,
  title={IEEE 11073 and connected health: Preparing personal health devices for the Internet},
  author={Martins, Aldenor F and Santos, Danilo FS and Perkusich, Angelo and Almeida, Hyggo O},
  booktitle={Consumer Electronics (ICCE), 2014 IEEE International Conference on},
  pages={274--275},
  year={2014},
  organization={IEEE}
}

@inproceedings{b8,
  title={Integrating MQTT and ISO/IEEE 11073 for health information sharing in the Internet of Things},
  author={Gomes, Yuri F and Santos, Danilo FS and Almeida, Hyggo O and Perkusich, Angelo},
  booktitle={Consumer Electronics (ICCE), 2015 IEEE International Conference on},
  pages={200--201},
  year={2015},
  organization={IEEE}
}

@inproceedings{b9,
  title={Integrating IEEE 11073 and constrained application protocol for personal health devices},
  author={Santos, Danilo FS and Bublitz, Frederico M and Almeida, Hyggo O and Perkusich, Angelo},
  booktitle={Proceedings of the 29th Annual ACM Symposium on Applied Computing},
  pages={466--467},
  year={2014},
  organization={ACM}
}

@article{b11,
  title={Interoperable End-to-End Remote Patient Monitoring Platform based on IEEE 11073 PHD and ZigBee Health Care Profile},
  author={Clarke, Malcolm and de Folter, Joost and Verma, Vivek and Gokalp, Hulya},
  journal={IEEE Transactions on Biomedical Engineering},
  volume={65},
  number={5},
  pages={1014--1025},
  year={2018},
  publisher={IEEE}
}

@misc{b12,
    author = "{HL7 International}",
    title = {{Health Level Seven International}},
    howpublished = {\url{http://www.hl7.org/index.cfm}},
    note = {Online; accessed 7 January 2019},
    year=2019,
}

@misc{b13,
    author = "{IHE International}",
    title = {{Integrating the Healthcare Enterprise (IHE)}},
    howpublished = {\url{https://www.ihe.net/}},
    note = {Online; accessed 7 January 2019},
    year=2019,
}

@article{b14,
  title={Lessons learned from the implementation of remote control for the interoperability standard ISO/IEEE11073-20601 in a standard weighing scale},
  author={Barr{\'o}n-Gonz{\'a}lez, H{\'e}ctor Gilberto and Mart{\'\i}nez-Espronceda, Miguel and Trigo, Jes{\'u}s Daniel and Led, Santiago and Serrano, Luis},
  journal={Computer methods and programs in biomedicine},
  volume={123},
  pages={81--93},
  year={2016},
  publisher={Elsevier}
}

@misc{b15,
    author = "{Boulis, Athanassios}",
    title = {{Castalia: A simulator for Wireless Sensor Networks and Body Area Networks (User's manual)}},
    howpublished = {\url{https://github.com/boulis/Castalia}},
    note = {Online; accessed 7 January 2019},
    year=2013,
}

@ARTICLE{b16, 
author={ISO/IEEE}, 
journal={ISO/IEEE 11073-20101:2004(E)}, 
title={IEEE Standard for Health Informatics - Point-Of-Care Medical Device Communication - Part 20101: Application Profile - Base Standard}, 
year={2004}, 
volume={}, 
number={}, 
pages={01-04}, 
keywords={}, 
ISSN={}, 
month={},}

@inproceedings{b17,
  title={Using continua health alliance standards-implementation and experiences of ieee 11073},
  author={Benner, Marian and Schope, Lothar},
  booktitle={Mobile Data Management (MDM), 2011 12th IEEE International Conference on},
  volume={2},
  pages={40--45},
  year={2011},
  organization={IEEE}
}

@ARTICLE{b18, 
author={Vinicius Ferreira and Helga Balbi and Flavio Seixas and Celio Albuquerque and Debora Muchaluat-Saade},
journal={XXXV Brazilian Communications and Signal Processing Symposium},
title={Wireless Body Area Networks: An Overview},
year={2017}, 
volume={}, 
number={}, 
pages={},
month={September},}

@misc{b20,
    author = "{Signove}",
    title = {{Antidote: Program Guide, documentation for developers of applications based on Antidote IEEE 11073 library}},
    howpublished = {\url{http://oss.signove.com/images/c/c7/AntidoteProgramGuide.pdf}},
    note = {Online; accessed 7 January 2019},
    year=2011,
}

@ARTICLE{b21, 
author={S. Movassaghi and M. Abolhasan and J. Lipman and D. Smith and A. Jamalipour},
journal={IEEE Communications Surveys Tutorials}, 
title={Wireless Body Area Networks: A Survey}, 
year={2014}, 
volume={16}, 
number={3}, 
pages={1658-1686},
ISSN={1553-877X}, 
month={Third},}
